<?xml version="1.0" encoding="UTF-8"?><record xmlns="http://www.loc.gov/MARC21/slim" xmlns:cinclude="http://apache.org/cocoon/include/1.0" xmlns:zs="http://www.loc.gov/zing/srw/">
  <leader>00361nz  a2200121n  4500</leader>
  <controlfield tag="001">no 93021449 </controlfield>
  <controlfield tag="003">DLC</controlfield>
  <controlfield tag="005">19930726120017.6</controlfield>
  <controlfield tag="008">930720n| acannaab|          |n aaa     c</controlfield>
  <datafield tag="010" ind1=" " ind2=" ">
    <subfield code="a">no 93021449 </subfield>
  </datafield>
  <datafield tag="040" ind1=" " ind2=" ">
    <subfield code="a">DJBF</subfield>
    <subfield code="c">DJBF</subfield>
  </datafield>
  <datafield tag="100" ind1="1" ind2="0">
    <subfield code="a">Wilson, David Cameron</subfield>
  </datafield>
  <datafield tag="670" ind1=" " ind2=" ">
    <subfield code="a">CIS and East European energy databook, 1992:</subfield>
    <subfield code="b">t.p. (David Cameron Wilson, Eastern Bloc Research Ltd.)</subfield>
  </datafield>
</record>